@book{fedosejev2015react,
  title={React. js essentials},
  author={Fedosejev, Artemij},
  year={2015},
  publisher={Packt Publishing Ltd},
  url = {https://books.google.ie/books?hl=en&lr=&id=Rhl1CgAAQBAJ&oi=fnd&pg=PP1&dq=The+benefits+of+using+React+JS&ots=JlrppBCSNK&sig=_5rDgDFsKV2cN2JtYvjOJH_ch60&redir_esc=y#v=onepage&q=The%20benefits%20of%20using%20React%20JS&f=false}
}

@article{kaluvza2018comparison,
  title={Comparison of front-end frameworks for web applications development},
  author={Kalu{\v{z}}a, Marin and Troskot, Kre{\v{s}}imir and Vukeli{\'c}, Bernard},
  journal={Zbornik Veleu{\v{c}}ili{\v{s}}ta u Rijeci},
  volume={6},
  number={1},
  pages={261--282},
  year={2018},
  publisher={Veleu{\v{c}}ili{\v{s}}te u Rijeci},
  url ={https://hrcak.srce.hr/clanak/294389%3F}
}

@article{vyas2022comparative,
  title={Comparative Analysis on Front-End Frameworks for Web Applications},
  author={Vyas, Rishi},
  journal={International Journal for Research in Applied Science and Engineering Technology},
  volume={10},
  number={7},
  pages={298--307},
  year={2022},
  url = {https://d1wqtxts1xzle7.cloudfront.net/89814198/Comparative_Analysis_on_Front_End_Frameworks_for_Web_Applications-libre.pdf?1660741150=&response-content-disposition=inline%3B+filename%3DComparative_Analysis_on_Front_End_Framew.pdf&Expires=1702753932&Signature=Hc1uTV6FmX4PODFW50~cCaSMK9rUPdhvzU7nzPTXI3bgzABhP83tjQkgd9YrCbEGzhwqP9esWbg5qMOC4AXA4sCgcw5YP7knlGDzcUCwD2anOuI8FnxqcjWPRi5cgT~UjNT2-kwzJrul3UDNNXBbFEDbkTYwfPsvrd9wvKgct0V4lqCwHBtOrb-rpKkgdnNLC4ReA9~f0N0TN6wNy4-yzX8CrqleHyLY0PWq7piiRSwfBCTYWCI9JZmmnhewOVKh-Tv5HAaqfK4YZUpACk1IRoV1ET9FEoxfixSTSONP6gheliytHZUXFj~2Fqx9LFt0LCWQlK4EgZBJBYXj56vsSg__&Key-Pair-Id=APKAJLOHF5GGSLRBV4ZA}
}
@article{mariano2017benchmarking,
  title={Benchmarking javascript frameworks},
  author={Mariano, Carl Lawrence},
  year={2017},
  publisher={Technological University Dublin},
  url = {https://arrow.tudublin.ie/cgi/viewcontent.cgi?article=1100&context=scschcomdis}
}

@article{chen2019front,
  title={Front-End Development in React: An Overview},
  author={Chen, Songtao and Thaduri, Upendar Rao and Ballamudi, Venkata Koteswara Rao},
  journal={Engineering International},
  volume={7},
  number={2},
  pages={117--126},
  year={2019},
  url = {https://www.researchgate.net/profile/Venkata-Ballamudi/publication/374154236_Front-End_Development_in_React_An_Overview/links/6510d94f61f18040c220eb13/Front-End-Development-in-React-An-Overview.pdf}
}

@phdthesis{wohlgethan2018supportingweb,
  title={Supportingweb development decisions by comparing three major javascript frameworks: Angular, react and vue. js},
  author={Wohlgethan, Eric},
  year={2018},
  school={Hochschule f{\"u}r Angewandte Wissenschaften Hamburg},
 url ={https://reposit.haw-hamburg.de/bitstream/20.500.12738/8417/1/BA_Wohlgethan_2176410.pdf}
}

@book{filipova2016learning,
  title={Learning Vue. js 2},
  author={Filipova, Olga},
  year={2016},
  publisher={Packt Publishing Ltd},
   url ={https://books.google.ie/books?hl=en&lr=&id=nszcDgAAQBAJ&oi=fnd&pg=PP1&dq=vue.js&ots=9pEcAgRhpO&sig=pcCt0xeni7aW1K8YtpuAGojJBmQ&redir_esc=y#v=onepage&q=vue.js&f=false}
}

@article{meredova2023comparison,
  title={Comparison of Server-Side Rendering Capabilities of React and Vue},
  author={Meredova, Aylar},
  year={2023},
  url ={https://www.theseus.fi/bitstream/handle/10024/799997/Meredova_Aylar.pdf?sequence=2}
}
@book{macrae2018vue,
  title={Vue. js: up and running: building accessible and performant web apps},
  author={Macrae, Callum},
  year={2018},
  publisher={" O'Reilly Media, Inc."},
  url ={https://books.google.ie/books?hl=en&lr=&id=bJpNDwAAQBAJ&oi=fnd&pg=PP1&dq=js+vue&ots=snya_17Bs_&sig=8GHC_ZGA2_gv3XZ2V_Ue53dG-zE&redir_esc=y#v=onepage&q=js%20vue&f=false}
}

@book{branas2014angularjs,
  title={AngularJS essentials},
  author={Branas, Rodrigo},
  year={2014},
  publisher={Packt Publishing Birmingham, UK},
  url ={https://accorsi.net/docs/AngularJS%20Essentials%20(Bravas%5BPackt%5D).pdf}
}

@article{cincovic2020comparison,
  title={Comparison: Angular vs. React vs. Vue. Which framework is the best choice?},
  author={Cincovi{\'c}, Jelica and Punt, Marija},
  journal={Belgrade, Universidad de Belgrade},
  year={2020},
  url ={https://www.eventiotic.com/eventiotic/files/Papers/URL/50173409-699e-4b17-8edb-9764ecc53160.pdf}
}

@book{williamson2015learning,
  title={Learning AngularJS: A Guide to AngularJS Development},
  author={Williamson, Ken},
  year={2015},
  publisher={" O'Reilly Media, Inc."},
  url = {https://books.google.ie/books?hl=en&lr=&id=8bd1BwAAQBAJ&oi=fnd&pg=PR5&dq=angularjs&ots=W1BahsX8Zc&sig=jDUQklPWz-3GUp5odAz56PzFfFc&redir_esc=y#v=onepage&q=angularjs&f=false}
}

@book{green2013angularjs,
  title={AngularJS},
  author={Green, Brad and Seshadri, Shyam},
  year={2013},
  publisher={" O'Reilly Media, Inc."},
  url ={https://books.google.ie/books?hl=en&lr=&id=eNExy_X1YYcC&oi=fnd&pg=PR2&dq=angularjs&ots=wC-9G-JbV5&sig=93gLmk_kxbA-FBpjQUFi1exl7bw&redir_esc=y#v=onepage&q=angularjs&f=false}
}

@article{aggarwal2018modern,
  title={Modern web-development using reactjs},
  author={Aggarwal, Sanchit and others},
  journal={International Journal of Recent Research Aspects},
  volume={5},
  number={1},
  pages={133--137},
  year={2018},
   url ={http://ijrra.net/Vol5issue1/IJRRA-05-01-27.pdf}
}

@article{dinku2022react,
  title={React. js vs. Next. js},
  author={Dinku, Zerihun},
  year={2022},
  url ={https://www.theseus.fi/bitstream/handle/10024/750122/Dinku_Zerihun.pdf?sequence=2}
}

@article{lazuardy2022modern,
  title={Modern front end web architectures with react. js and next. js},
  author={Lazuardy, Mochammad Fariz Syah and Anggraini, Dyah},
  journal={Research Journal of Advanced Engineering and Science},
  volume={7},
  number={1},
  pages={132--141},
  year={2022},
  url ={https://irjaes.com/wp-content/uploads/2022/02/IRJAES-V7N1P162Y22.pdf}
}